2868 5046
705 529 921 594 ...16-

346 703 520 788 renides,
534 709 537 717 '
552 707 641 790 quod
677 703 831 776 Hellanici
860 708 999 775 ineius
1035 707 1081 778 rei
1114 709 1279 780 traditione

343 817 499 886 muniuit.
540 816 588 885 Ut
618 817 702 884 haud
734 820 877 902 equidem
913 837 1018 887 uerear
1046 819 1198 904 statuere,
1221 841 1279 889 no·

340 927 437 997 strum
478 929 678 998 recentiorem
717 932 881 1012 quemdam
925 932 1109 1018 (Ephorum
1121 933 1158 1016 i)
1190 933 1277 1002 secu·

383 1259 501 1329 srmtm
534 1261 614 1328 orta
649 1234 804 1330 nostium
839 1277 870 1329 et
904 1260 1101 1333 merodorum
1121 1263 1274 1334 nstantia

338 1385 389 1438 est
411 1371 445 1437 in
467 1369 526 1452 iis,
546 1389 626 1454 quae
648 1387 779 1454 uterque
800 1391 908 1440 eorum
930 1374 969 1440 de
989 1374 1112 1441 Lemno
1134 1374 1274 1459 scripsit,

339 1499 435 1564 quam
456 1478 514 1548 sibi
529 1480 736 1550 Athenienses
751 1482 908 1550 vindicare
918 1485 1078 1555 volebant.
1112 1486 1196 1554 Nam
1209 1486 1274 1551 He·

230 1617 232 1622 ·
331 1579 472 1660 'rodotus
492 1589 564 1660 vt.
600 1609 661 1677 139
685 1591 804 1676 tradit,
828 1612 846 1660 a
867 1593 1029 1680 Pelasgis,
1052 1613 1089 1664 ut
1113 1596 1273 1664 oraculum

336 1703 555 1787 consulerent,
589 1705 729 1772 Athenas
758 1702 933 1790 profectis,
966 1705 1045 1772 hanc
1065 1705 1123 1772 sibi
1143 1705 1273 1772 insulam

336 1813 483 1903 petivisse
512 1815 717 1884 Athenienses
742 1815 804 1884 hoc
825 1818 953 1883 oraculo
976 1817 1132 1900 nitenies3
1160 1815 1273 1900 Nepos

333 1949 412 2011 vern
443 1929 618 1997 Miltiadem
646 1929 764 2012 refert,
786 1947 858 1999 tum
884 1930 1109 1999 Chersonesum
1132 1944 1272 2014 peteret,

334 2039 489 2109 Lemnum
515 2041 697 2125 accessisse,
721 2057 757 2109 ut
777 2041 846 2109 eius
866 2041 1064 2109 incolas'sub
1084 2055 1272 2126 potestatem

333 2151 567 2222 Atheniensium
591 2155 753 2238 redigeret.

374 2263 546 2332 Maximam
568 2265 712 2349 profecto
736 2255 946 2332 difficultatem
963 2263 1090 2349 praebet
1106 2265 1196 2350 quod
1206 2264 1272 2332 Ne·

329 2366 395 2460 pos
417 2375 618 2444 haecomnia
640 2375 779 2442 Miltiadi
794 2375 938 2444 Chromis
951 2373 1017 2442 filio
1030 2377 1158 2458 tribuit,
1172 2377 1270 2444 eidem

331 2495 425 2570 quem
456 2487 498 2554 ad
526 2485 744 2556 Marathonem
768 2485 945 2554 inclaruisse
967 2489 1166 2571 accepimus3
1193 2488 1271 2554 adeo

331 2611 395 2679 ut,
428 2615 513 2679 quae
540 2596 579 2662 ab
612 2597 778 2666 Herodoto
808 2598 846 2664 de
864 2597 1014 2681 duobus,
1033 2599 1136 2664 eadem
1161 2617 1179 2662 a
1204 2597 1273 2664 Ne·

331 2697 408 2791 pute
440 2709 494 2773 de·
510 2726 576 2774 uno
599 2723 819 2776 memorentur.
844 2709 945 2774 Nam
971 2708 1090 2776 constat
1110 2727 1148 2775 ex
1168 2709 1272 2775 Hero·

326 2819 411 2885 tloto
435 2818 495 2884 Vlr
521 2837 586 2902 34,
607 2819 689 2886 duos
712 2817 808 2887 fuisse
827 2817 1012 2901 Miltiades,
1036 2837 1171 2901 quorum
1194 2821 1271 2890 alter

326 2929 487 3016 cypseli,
519 2932 598 2999 alter
630 2930 776 3000 Cimonis
809 2929 893 2999 iilius
917 2929 990 2998 fuit.
1011 2929 1015 2936 '
1034 2929 1097 3000 Hie
1118 2933 1204 3002 illius
1229 2953 1270 3002 ex

326 3039 444 3109 fratre
460 3042 601 3110 uterino·
616 3059 717 3126 nepos
734 3055 781 3128 yet
815 3055 930 3130 nomen
954 3040 1071 3110 habens
1094 3042 1136 3109 ab
1159 3045 1270 3110 eodem

325 3167 444 3238 patruo
477 3155 592 3242 (Idem.
627 3153 687 3220 VI.
715 3147 832 3244 103);ff
849 3154 925 3220 alter
943 3153 1091 3220 conditor
1109 3169 1141 3220 et
1165 3169 1270 3239 tyran·

326 3267 529 3348 'nus,·alter,
548 3273 624 3347 post
642 3261 738 3332 huiru
753 3276 785 3329 er
803 3261 909 3330 hamis
927 3261 1110 3348 Stesagoras¹
1123 3262 1268 3348 obitum,

328 3376 410 3444 item·
429 3372 612 3444 Chersonesi
632 3387 783 3460 mannus
804 3374 920 3458 (Idem,
941 3373 1001 3442 Vl.
1025 3394 1087 3459 34,
1107 3380 1167 3460 38,
1187 3373 1267 3462 39),

326 3501 367 3554 et
383 3487 428 3554 in
449 3495 559 3572 pugna
576 3484 775 3553 Marathonia
797 3485 926 3570 gloriam
951 3500 1062 3554 nactus
1082 3505 1149 3553 non
1173 3488 1269 3555 inter-

324 3599 456 3668 ituram.
474 3627 478 3638 ·
499 3597 585 3664 Hinc
609 3595 726 3663 sectum
750 3610 822 3680 est,
845 3611 882 3664 ut
904 3597 973 3680 alii,
996 3613 1034 3665 ut
1051 3597 1191 3680 Rarius,
1204 3596 1269 3663 Bo-

332 3711 397 3782 srus
417 3711 531 3796 aliique
552 3709 730 3794 Nepotem,
746 3709 817 3792 alii,
838 3709 1157 3796 utRutgersrusVar.
1167 3707 1265 3776 Leet.

332 3826 360 3893 Ι.
391 3842 422 3890 c.
444 3841 482 3908 9
501 3843 535 3908 p.
559 3839 600 3906 33
620 3835 651 3886 et
671 3841 738 3903 44,
759 3835 791 3888 et
810 3821 955 3890 Petevius
976 3822 1050 3890 Rae.
1073 3819 1188 3904 Temp.
1206 3820 1264 3898 ΙΙΙ.

330 3956 366 4020 p.
404 3954 436 4004 ι.
468 3951 500 4002 t.
532 3954 576 4016 s,
606 3931 828 4000 Herodotum
822 3945 1008 4001 '.tuerentur
1053 3930 1131 4031 Non
1151 3929 1265 4018 sperno

317 4047 450 4118 illorum
469 4061 636 4138 operam,
671 4044 726 4130 qui
764 4042 852 4116 suum
887 4061 1045 4118 auctorem
1081 4039 1265 4126 vindicent,

317 4184 327 4195 ·
1206 4158 1269 4226 im·

1417 653 1419 740 l

152 1125 157 1134 Ι
338 1051 407 1108 tum
436 1036 501 1108 esse
524 1039 656 1124 eiusque
684 1041 763 1107 adeo
788 1041 983 1110 traditionem
1008 1041 1205 1111 Herodoteae
1227 1063 1277 1112 te·
1418 1063 1419 1068 ¹

339 1149 423 1218 dere·
840 1163 844 1172 ,
