2868 5046
310 782 389 870 seti,
421 784 563 870 exemplo
593 783 745 854 excitatus
777 783 966 856 summorum
998 786 1163 872 uirorum,
1192 788 1249 874 qni

311 894 393 964 idem
428 893 600 967 studiorum
638 913 737 978 genus
769 895 809 961 ad
837 895 916 965 alios
941 911 1060 964 veteres
1081 896 1251 966 historicos

309 1002 547 1089 cohibuerunt,
585 1004 832 1087 disquisttionem
870 1005 949 1072 hanc
982 1007 1122 1089 institui,
1159 1027 1251 1093 argu·

313 1135 420 1186 mento
452 1131 522 1184 ante
556 1116 617 1183 hos
643 1115 724 1213 duos
745 1135 846 1183 annos
869 1118 1031 1202 propofito
1056 1140 1074 1186 e
1098 1120 1253 1187 societate

310 1225 533 1297 Doctrinarum
570 1225 683 1294 Rheno
696 1209 911 1298 -smiectina.
956 1231 1074 1300 Electis
1105 1252 1196 1300 vero
1214 1232 1253 1298 ab

313 1355 349 1407 ea
379 1336 559 1406 censoribus
594 1338 712 1406 tametsi
744 1339 883 1407 oblatum
908 1345 1096 1424 opusculum
1121 1335 1197 1409 nonss
1211 1342 1259 1408 ite·

311 1449 413 1520 visum
443 1449 504 1532 stt,
535 1463 572 1518 ut
602 1451 773 1534 praemium
798 1450 827 1517 ei
848 1452 1059 1534 tribueretur,
1084 1455 1252 1522 eorundem

316 1578 420 1630 tamen
451 1561 535 1630 haud
563 1558 635 1628 sane
665 1561 903 1631 inhonorificum
931 1563 1084 1646 iudicium
1114 1563 1261 1632 tum'me·

284 1721 290 1742 .
312 1673 486 1756 excitavit,
504 1687 560 1741 out
592 1669 692 1756 illud,
726 1668 835 1756 'paucis
858 1675 986 1742 mutetis
1008 1689 1040 1742 et
1063 1673 1200 1760 additis',
1221 1678 1256 1744 in

311 1784 412 1852 lucem
429 1781 603 1864 mitterem,
616 1797 683 1850 tum
702 1781 864 1867 impedivit
882 1784 1052 1867 quominus
1064 1802 1255 1856 caeterorum

188 1948 197 1969 ,
232 1909 234 1916 ’
309 1895 452 1962 virorum
479 1893 644 1959 doctorum
668 1891 782 1959 iudicia
800 1892 894 1960 nimis
921 1894 1166 1968 extimescerem.

324 2001 476 2091 -Quodli
497 2021 582 2070 mero
613 2001 686 2068 haec
721 2017 828 2070 nostra
860 2001 985 2087 scriptio
1017 2007 1128 2073 exilior
1149 2007 1257 2074 videa·

312 2130 366 2182 tur
398 2133 501 2198 quam·
527 2129 565 2184 ut
597 2112 659 2180 sese
689 2111 754 2198 ipsa
786 2112 887 2196 possit
916 2115 1022 2195 tueri,
1054 2134 1120 2180 earn
1153 2131 1258 2200 certe,

216 2219 220 2224 ’
309 2223 425 2310 spero,
459 2224 688 2308 quadammodo
711 2221 941 2288 commendabit
965 2224 1103 2291 auctoris
1127 2226 1258 2308 nostri,

310 2353 407 2420 atque
440 2337 519 2402 adeo
552 2333 727 2420 argumenti
756 2333 953 2416 praestantia.
998 2335 1063 2403 Res
1094 2338 1174 2404 enim
1197 2338 1261 2404 erit

308 2464 381 2515 eum
413 2443 588 2526 scriptore,
623 2443 680 2526 qui
712 2439 754 2508 ob
778 2443 913 2510 nativam
937 2441 1189 2526 simplicitatem,
1214 2445 1261 2510 ob

310 2571 507 2628 venustatem
552 2571 619 2622 uon
665 2551 859 2636 quaelitam,
899 2551 941 2617 ob
975 2553 1155 2619 latinitatem
1190 2572 1263 2622 non

308 2671 494 2757 vulgrren,
521 2665 565 2731 ob
585 2682 695 2748 puram
719 2663 912 2744 dictionem,
935 2682 1008 2730 vere
1029 2665 1202 2730 Romanam
1228 2656 1266 2733 e't

311 2797 416 2865 aptam
447 2795 550 2846 rerum
579 2770 813 2854 dispositionem
843 2767 1082 2850 probatissimus
1118 2785 1150 2838 et
1184 2788 1264 2858 est,

311 2907 343 2960 et
376 2911 395 2958 a
423 2887 545 2974 ,quouis
575 2901 677 2966 aequo
711 2877 990 2960 iudice2habetur.
1035 2881 1124 2968 Quae
1148 2885 1263 2954 omnia
1317 2954 1320 2964 ,

313 2999 416 3066 ultimi
432 2996 527 3080 Reip.
540 2993 655 3072 liberae
672 2991 824 3075 temporis
836 2988 1015 3073 scriptorem
1029 2994 1145 3078 magis,
1161 3014 1265 3076 qnam

313 3102 615 3173 Theodosnnetatis
635 3115 793 3186 arguunt3
816 3115 853 3170 ut
874 3101 952 3168 nihil
972 3103 1098 3169 attineat
1120 3118 1269 3186 repetere

315 3237 396 3302 quae
429 3217 604 3284 Lambinus
631 3213 776 3282 adversus
812 3232 867 3278 eos
890 3214 1068 3294 notaverit,
1093 3215 1150 3296 qui
1172 3235 1268 3299 opus

315 3330 379 3396 hoc
413 3348 480 3396 non
499 3327 650 3410 Nepotis
687 3324 740 3390 sed
762 3322 888 3392 Aemilii
910 3323 1006 3392 Probi
1030 3325 1269 3397 existimarunt.

315 3441 392 3528 Quo
425 3443 531 3509 minus
564 3440 713 3508 miremur
736 3434 960 3504 Ruhnkenium
985 3436 1043 3503 fibi
1062 3437 1274 3522 proposuisse

314 3559 472 3638 Nepotem
492 3553 673 3637 aliquando
699 3551 809 3632 edere,
834 3551 996 3646 doleamus
1021 3553 1128 3635 potius
1152 3555 1272 3624 eximii

317 3669 377 3736 viri
399 3663 729 3752 propositumeffectu
749 3659 893 3730 caruisse.

364 3771 532 3856 Tum,1's1
563 3789 683 3857 praeter
702 3787 769 3866 ea,
782 3763 862 3854 quae
882 3773 975 3839 hodie
997 3771 1183 3856 supersunt,
1195 3801 1199 3819 ·
1211 3775 1276 3842 de-

318 3889 438 3976 perdita
469 3877 607 3971 Nepotis
640 3905 733 3971 opera
764 3885 962 3970 cogitemus,
993 3901 1060 3951 non
1092 3885 1278 3967 possumus

320 4003 397 4083 quin
429 4017 499 4068 eum
534 4002 703 4068 admodum
735 3998 952 4082 suspiciamus.
995 3998 1077 4068 Nam
1102 3997 1282 4084 scripserat

166 4193 171 4200 ,
284 4130 287 4134 ·
323 4103 504 4200 Chronica,
524 4103 693 4184 memorata
717 4130 735 4180 a
754 4109 885 4194 Gellio,
908 4111 1282 4202 N.‚n.xxvl1.21.,-

1089 4251 1091 4256 ·
1186 4243 1285 4320 quo-
