2778 5048
474 623 712 692 -ur-

107 787 356 874 migrarunt,
372 803 403 854 et
420 789 527 872 quod,
542 807 622 872 qure
642 788 735 857 hodie
757 789 796 856 de
817 789 867 858 his
888 793 1054 878 leguntur,

109 903 210 969 rivuli
241 897 340 986 magis
365 917 404 966 ex
435 899 581 984 fontibus
605 901 718 982 ducti,
753 919 846 984 qutrn
870 901 975 971 fontes
997 902 1055 988 ipfi

112 1013 259 1078 habenda
288 1011 371 1080 sunt.
415 1011 523 1095 Nam,
555 1029 591 1080 ut
621 1013 683 1080 hoc
710 1028 805 1096 utar,
827 1012 881 1080 etii
901 1011 1054 1100 Polybius

107 1141 220 1188 eorum
232 1170 245 1204 ‚
257 1123 314 1204 qui
334 1121 458 1204 quidum
474 1120 659 1206 supersunt,
681 1123 820 1190 omniunt
835 1137 884 1192 est
904 1123 1061 1206 antiquis·

109 1229 234 1312 sstnus‚
265 1249 297 1298 et
317 1229 430 1314 Nepos
450 1231 517 1297 eius
538 1229 660 1314 scriptis
681 1229 755 1298 usus
788 1246 860 1314 est,
891 1231 920 1299 is
951 1247 1054 1300 tamen

105 1360 185 1408 eum
206 1361 330 1424 rerum,
365 1361 445 1424 quas
478 1339 603 1409 tradidit
627 1343 668 1408 ad
690 1357 834 1410 nostrum
852 1341 1056 1428 propositum

106 1451 327 1535 pertinentes,
357 1449 709 1534 requisierunt,
739 1451 894 1535 aliorum,
930 1451 1053 1522 iiltnum

110 1575 213 1628 aetate
229 1561 431 1645 florentium,
453 1559 566 1648 scripta
585 1561 649 1648 ipre
669 1559 829 1632 consulere
847 1553 974 1634 debuit(

244 2035 247 2042 ·
308 2023 857 2078 srttuusnrsosrtus.
952 2049 993 2078 .·
1043 2003 1048 2012 '

115 2275 121 2282 -
154 2231 241 2300 Inter
261 2229 322 2296 h'os
342 2227 505 2314 scriptores
525 2213 628 2300 rerunt
659 2235 802 2316 rmntios
826 2231 914 2300 tuere
934 2233 968 2300 in
989 2234 1059 2318 pri·

116 2343 180 2410 ruis
211 2341 335 2408 Silenus
366 2355 398 2407 et
421 2341 539 2408 Sosrius
560 2341 847 2426 Lacedaemonius,
876 2357 972 2428 atque
991 2345 1054 2440 ¹¹⁰9

12 2449 22 2468 ’
112 2453 272 2520 Hannibu
305 2452 461 2518 literarum
497 2451 689 2520 Graecarum
725 2452 880 2523 utuinisi
913 2457 1056 2528 doctores

114 2565 204 2634 Illius
236 2581 344 2630 verunt
378 2579 493 2630 nomon
526 2561 588 2629 fuit
623 2560 760 2630 Silenus.
805 2565 857 2632 Sic
889 2568 969 2632 enirn
989 2559 1056 2634 uo-

113 2682 203 2743 estro
230 2693 250 2740 n
276 2673 376 2742 Livio·
397 2673 515 2740 XXVI.
538 2667 593 2757 49.
616 2687 648 2742 et
669 2693 687 2740 a
709 2673 863 2741 Cicerone
880 2675 927 2742 'de-
942 2663 1054 2746 uirin'.

114 2787 143 2856 Ι.
167 2807 222 2868 24.
265 2785 343 2850 Non
362 2784 463 2870 igitur
485 2783 653 2852 Philenius
670 2799 725 2852 sut
748 2773 947 2869 Philannius'g
974 2795 1057 2871 quoi

114 2900 213 2966 modo
226 2914 322 2965 nntea
342 2899 427 2980 npod
447 2895 602 2982 Nepotem
616 2889 792 2985 regebatur,
803 2902 964 2970 vocandus
975 2889 1054 2986 'ests

116 3014 181 3082 hoc
213 3013 294 3078 enim
322 3025 436 3082 nomen
469 3012 638 3078 anonim
670 3028 807 3080 veterum
834 3019 1056 3098 ¹nternon'rtt'ir3

115 3143 176 3192 nec
206 3125 287 3192 vaiet
318 3123 497 3190 coniectura
517 3118 622 3188 Vossri
644 3119 794 3188 Philinus
813 3103 1054 3206 reponentisnx

114 3231 251 3317 Polybio
262 3254 280 3316 ς,
306 3253 377 3302 nam
410 3251 502 3318 quern
532 3231 685 3318 Polybius
709 3246 880 3324 memorat,
901 3231 928 3299 i.
950 3247 984 3318 p.
1012 3249 1053 3318 1³

115 3345 241 3440 snq.,is
253 3347 414 3416 historiam
436 3347 510 3416 b'elli
529 3347 639 3416 Punici
657 3347 752 3430 primi
773 3343 979 3430 conscripsit,
999 3345 1054 3414 illo

114 3477 262 3526 vesores
282 3458 489 3542 Hannibalis,
513 3471 550 3527 ut
574 3455 716 3539 constat,
739 3469 807 3524 turn
830 3445 869 3522 nx
889 3452 966 3524 aliis·
981 3471 1053 3525 tunt

116 3587 156 3636 en
177 3569 330 3637 Ciceiono
348 3571 372 3637 l.
394 3572 418 3636 l.
461 3565 589 3637 Diverso
619 3568 658 3634 de
689 3585 727 3633 eo
747 3553 890 3634 veterum*
912 3555 984 3635 sunt
1003 3555 1064 3644 iuss„

115 3681 210 3750 dicit.
252 3680 406 3766 Dionysio
434 3679 508 3747 Hai.
542 3679 622 3746 Ant.
646 3679 673 3746 Ι.
707 3677 823 3746 dicitur
852 3695 918 3744 non
933 3713 935 3722 =
948 3677 1059 3743 debito.

116 3811 192 3860 tura
229 3811 266 3858 sc
305 3788 504 3874 diligentis,¹
527 3785 579 3853 sed
615 3805 654 3852 ex
693 3783 839 3856 fortuitis
869 3785 1052 3853 tumoribus

115 3890 277 3973 historiam
301 3897 519 3984 composuisse.
565 3898 678 3966 Cicero
702 3917 778 3964 vero
803 3898 827 3963 1.
852 3898 876 3964 i.
901 3896 1051 3966 iudicavit

115 4011 344 4098 diligentissime
364 4017 416 4102 ies
441 4007 627 4100 Haunibniis
650 4025 720 4076 eum
744 4003 936 4092 persecutum
961 3999 1050 4090 erog

111 4137 145 4194 ot
180 4123 324 4195 Coelium
353 4120 561 4206 Antipatrum
590 4118 621 4186 α’
648 4116 742 4187 fidem
763 4115 907 4186 habuisse
926 4118 1052 4189 nodos

543 4228 610 4317 Hs
650 4229 660 4246 ⁰
1013 4227 1051 4296 li·
1092 4238 1095 4242 ·
