2868 5046
716 568 933 630 ..ι-96.

352 741 443 828 eise,
476 741 589 812 atroth
618 737 831 828 montaum
854 737 1058 832 iay‘endsrant
1071 753 1159 832 ,an
1174 752 1285 822 obuiam

350 864 441 927 irent
476 858 637 941 hostibus,
669 851 799 944 acieque
830 851 1058 945 decernerent,
1071 851 1146 930 ¹hoc
1170 865 1208 931 ab
1229 867 1286 932 He·
1405 853 1406 862 ἵ

351 971 469 1039 rodoto
511 959 566 1038 ita·
596 971 728 1054 eusdem
753 961 908 1040 traditum
929 955 1016 1058 est,
1054 986 1091 1043 ut
1121 983 1285 1064 ippum,-

349 1079 555 1152 Athenienses
578 1083 769 1149 urbtm··iam
789 1084 954 1168 reliquisse
977 1085 1064 1154 hosti
1085 1085 1211 1156 ostiam
1226 1091 1287 1158 itu·

348 1209 429 1279 ros,
460 1195 759 1277 contentionemque
791 1183 872 1265 intes
904 1197 999 1265 duces
1022 1195 1174 1266 exortum
1206 1201 1284 1286 esse,

347 1323 390 1373 an
424 1307 550 1391 proelio
579 1306 938 1392 esset-confligendum,
961 1325 1019 1375 nec
1043 1327 1105 1393 ne,
1129 1329 1196 1378 non
1217 1319 1285 1380 sero

346 1407 389 1482 an
426 1413 592 1482 moenibus
616 1413 693 1482 'ieie
727 1409 937 1486 defenderent.
993 1416 1109 1500 Neque
1142 1415 1196 1484 sua
1218 1418 1286 1502 'ipse
1382 1481 1386 1494 ,

334 1525 532 1596 'tractorium
563 1524 723 1594 Miltiades
752 1525 957 1596 Athenienses
979 1529 1160 1612 permovit,
1187 1544 1221 1596 ut
1244 1528 1286 1596 es·
1405 1547 1406 1554 ¹

350 1635 440 1708 licias
458 1651 501 1706 'ex
517 1633 651 1722 Nepote
671 1629 971 1708 iar-verbisa··'Eius
993 1645 1076 1708 anna
1097 1645 1287 1714 auctoritate

346 1751 496 1840 impulſs;
516 1769 599 1816 mam
623 1750 730 1816 decem
752 1765 839 1855 arant
849 1759 1040 1836 praetores,
1068 1745 1287 1835 quorum-'sen-

347 1855 464 1930 tentiae
494 1858 636 1928 bifariam
665 1859 754 1930 erait
785 1861 921 1946 divisae,
955 1862 1007 1930 led
1043 1855 1224 1932 undecimus
1257 1883 1288 1929 o·
1405 1901 1406 1928 r

347 1987 398 2043 rat
432 1974 680 2058 Polemarehus',
717 1975 904 2042 'Callimachi
943 1973 1114 2058 Aphldraei
1146 1975 1285 2041 momine.

346 2084 443 2152 Hunc
477 2087 611 2152 maxime
641 2086 802 2170 pressabat
833 2087 1020 2167 Miltiades,
1050 2099 1147 2168 atque
1171 2085 1287 2181 idoneis

345 2201 525 2269 rationibus
563 2200 688 2283 effecit,
720 2217 758 2266 ut
791 2199 862 2267 suae
896 2199 926 2266 se
947 2200 1140 2286 diiungeret
1173 2197 1291 2267 senten·

230 2403 232 2416 .
344 2313 420 2380 tiae.
463 2311 540 2378 Vid.
576 2299 698 2378 Herod.
732 2310 790 2377 Vl.
832 2313 914 2393 108,
940 2328 1015 2396 109.
1058 2311 1232 2380 Numerum
1255 2313 1290 2378 in

348 2427 472 2512 proelio
507 2424 663 2493 caesorum
702 2443 767 2492 non
800 2431 955 2491 accurate·
983 2422 1117 2506 definit,
1165 2427 1290 2507 quando

343 2536 452 2604 scribit
486 2534 688 2604 Athenienses
720 2535 937 2619 decemplicem
958 2551 1122 2602 numerum
1148 2535 1289 2604 hostium

343 2647 553 2732 profligasse,
602 2665 727 2730 quum,
765 2646 931 2713 Herodoto
963 2659 1091 2712 auctore
1127 2645 1186 2714 VI.
1228 2659 1288 2731 117

343 2757 515 2827 Persarum·
540 2757 574 2823 in
596 2757 655 2823 hac
680 2777 784 2841 pugna
809 2755 977 2822 ceciderint
1001 2755 1124 2822 circiter
1147 2756 1208 2824 sere
1221 2758 1292 2824 mii·

342 2869 387 2937 lia
421 2885 452 2936 et
486 2867 729 2954 quadringenti,
763 2857 999 2935 Atheirienssum
1034 2885 1161 2934 centum
1191 2889 1292 2937 nona·

344 2996 439 3067 genta
469 2982 546 3049 duo.
1202 2985 1207 3010 ¹

387 3092 509 3175 Atque·
527 3111 565 3160 ex
594 3090 647 3158 his
670 3077 795 3174 quiden
821 3087 892 3156 satis
915 3089 1124 3176 intelligitur,
1153 3073 1232 3174 quid
1258 3108 1291 3160 et

345 3204 508 3288 quomodo
542 3203 655 3285 Nepos
682 3201 725 3267 in
760 3199 914 3267 Miltiadis
950 3202 1015 3268 vita
1048 3218 1087 3268 ex
1122 3202 1292 3271 Herddoto

343 3311 645 3398 hauseritspraeter
666 3312 942 3392 hunc1·alios·eum
966 3313 1000 3379 in
1024 3313 1126 3379 eudem
1140 3313 1203 3380 vita
1215 3333 1294 3380 auc·

341 3439 430 3493 tores
459 3421 637 3490 adhibuisse
657 3419 725 3490 'luis
747 3423 826 3489 locis
842 3407 983 3492 docebo.
1043 3453 1047 3465 ¹
1148 3406 1153 3421 ’
1280 3429 1285 3436 “

346 3571 352 3584 ·
385 3538 424 3604 ln
446 3533 683 3616 Themistocle,
699 3543 893 3616 ‘quamquam
916 3522 1135 3622 Thucydidem
1154 3537 1295 3604 maxime
1339 3579 1342 3586 ·

337 3649 470 3718 secunts
501 3664 572 3732 est,
596 3650 694 3715 multa
718 3663 819 3714 tamen
843 3647 914 3715 sunt
939 3639 976 3715 eit
1000 3649 1164 3716 Herodoto
1191 3651 1298 3716 haus-

340 3775 389 3832 ta.
424 3762 498 3832 Huc
520 3747 639 3843 resero,
664 3777 745 3843 quae
755 3761 857 3844 capite
868 3759 1002 3827 secundo
1014 3759 1119 3828 scribit
1130 3763 1169 3827 de
1182 3747 1297 3846 ptimo

338 3873 570 3944 *Themistoclis
606 3872 703 3958 gradu
740 3871 940 3955 capessendae
974 3875 1172 3958 reipublicae.
1228 3872 1296 3942 Cf.

333 3977 466 4052 'Herod
488 3981 562 4052 Vll.
590 4003 663 4064 144·
707 3981 809 4064 Item,
842 3985 930 4065 quod
949 3981 1117 4067 sequitur,
1150 3966 1301 4050 Xerxem

339 4095 486 4170 adversus
507 4093 672 4171 Graeciam
696 4093 921 4184 expeditionem
945 4093 1138 4184 suscepisse,
1158 4115 1226 4182 qua
1246 4095 1306 4162 A·

336 4232 341 4240 ·
378 4238 381 4246 ,
1219 4207 1306 4275 the-
