2868 5046
686 613 733 632 -
776 596 908 652 ro·-

324 759 449 834 titemus
470 761 506 832 itt
527 761 628 848 cupite
647 759 783 832 secundo
803 765 907 834 medio
928 781 1004 851 post
1025 765 1120 836 verbe
1134 764 1276 840 :nolo-2

318 871 426 958 soncfo
449 875 513 943 tali
535 871 622 942 modo
642 876 823 964 constituta.
868 875 963 945 Certe
982 880 1152 961 quominus
1176 880 1266 948 illum

324 985 495 1057 statuamus
520 985 674 1070 incapite
693 987 796 1073 primo
819 1001 850 1054 et
872 988 997 1071 quidem
1017 1003 1090 1058 ente
1111 1011 1163 1074 ea,
1187 1010 1266 1074 quoe

326 1097 367 1166 de
396 1097 519 1166 Lemno
543 1099 733 1182 truduntur,
757 1099 854 1184 ipstus
878 1101 923 1168 rei
949 1104 1161 1197 temporisque
1185 1105 1266 1170 ratio

327 1209 471 1294 impedit.
510 1209 560 1276 Sit
580 1210 661 1278 enim
683 1209 825 1279 Lemnos
846 1212 944 1296 petitu
964 1213 1004 1279 ab
1024 1213 1173 1282 alterutro
1194 1215 1271 1280 Milz

326 1319 433 1403 mue,
453 1337 521 1386 non
540 1339 617 1387 vero
637 1337 676 1387 eo
696 1321 792 1388 modo
812 1320 973 1406 arcessat,
996 1343 1061 1406 quo
1082 1325 1265 1394 Herodotus
1289 1323 1291 1330 ⁴

207 1515 209 1522 X
323 1444 451 1512 narrat,
483 1427 545 1494 hoe
568 1426 679 1495 *saltem
703 1428 860 1513 probabili
880 1432 948 1500 iure
967 1433 1045 1500 mihi
1065 1439 1268 1522 comprobare

324 1543 454 1626 videor,
470 1560 536 1609 non
551 1541 695 1610 Cimonis
716 1541 815 1612 filium
837 1543 870 1609 id
887 1542 1003 1630 egisse,
1022 1564 1094 1614 cum
1111 1545 1268 1620 ἀδυνατὸν

326 1651 393 1722 lere
423 1651 596 1736 tentasset,
627 1641 741 1736 utpote
774 1653 835 1737 qui
856 1673 919 1722 una
941 1655 1014 1722 navi
1038 1656 1171 1725 Athenis
1195 1680 1274 1744 prm

322 1761 429 1833 seems
465 1778 540 1832 eret.
584 1763 706 1831 Herod.
723 1784 727 1795 ·
745 1763 805 1830 VI.
844 1783 896 1847 39.
939 1765 1119 1849 Praeterea,
1142 1770 1277 1850 quinto>

324 1876 405 1944 itm.
421 1891 504 1944 mtto
536 1880 707 1960 postquem
737 1873 881 1942 Cimonis
905 1874 989 1954 filius
1014 1877 1194 1947 Chersonesi
1220 1895 1275 1967 tp·¹

328 1977 490 2056 renuidem
529 2001 714 2071 acceperet,
752 1984 880 2055 insulam
896 2030 901 2042 t
918 1986 998 2052 idem
1035 1986 1158 2074 subegit
1194 1989 1268 2076 (01.
1317 2051 1325 2066 ,

326 2096 463 2167 LXVII.
498 2115 531 2192 3?
558 2098 603 2164 A.
626 2095 691 2163 Ch.
717 2091 810 2178 505).
856 2093 891 2160 Si
911 2094 1009 2179 igitur
1028 2097 1107 2164 idem
1132 2101 1184 2165 ille
1204 2119 1277 2168 erm:

328 2213 419 2275 intes
450 2225 523 2275 cum
555 2203 781 2272 Chersonesum
811 2202 937 2286 petebat
967 2206 1192 2293 arcessrvisset,
1214 2210 1271 2279 vix

328 2318 484 2405 potuisset
498 2357 501 2367 ,
513 2315 647 2384 scribere
666 2312 853 2411 *Herodotus
873 2313 935 2384 Vl.
956 2331 1037 2385 extr.
1059 2336 1125 2386 eam
1147 2332 1269 2403 captam

327 2425 393 2496 esse
413 2426 495 2497 ἔτεσι
513 2425 615 2516 κάρτα
633 2425 774 2496 πολλοῖσι
791 2424 923 2511 iesous..

331 2587 336 2598 ·
365 2539 506 2610 Primum
537 2541 645 2625 inque
677 2559 773 2626 caput
807 2539 945 2624 Nepotis
977 2525 1102 2607 initium
1130 2539 1277 2612 continet

325 2651 434 2734 vitae,
466 2669 561 2737 quant
592 2650 734 2738 Cypseli
751 2648 932 2734 conscripsit
962 2647 1030 2718 filii.
1073 2649 1168 2718 Initio
1193 2670 1272 2719 vero

327 2765 442 2848 eapitis
471 2762 620 2844 secundi,
649 2763 739 2832 brevi
760 2765 972 2847 compendio,
997 2765 1096 2848 prima
1116 2765 1212 2832 huius
1233 2764 1268 2832 in

327 2873 521 2943 Chersoneso
540 2887 628 2958 gesta
644 2873 876 2956 complectitur.
902 2873 986 2941 Nam
999 2894 1079 2957 quae
1090 2873 1195 2942 scribit
1206 2875 1274 2943 Ne·

330 3005 416 3071 pos,
443 2981 646 3066 Miltiadem,
670 2981 872 3052 barbarorum
894 2984 995 3069 copiis
1019 2986 1181 3069 disiectis,
1202 2988 1273 3056 loce

331 3096 468 3165 orstulis
489 3095 600 3164 idonee
620 3091 879 3177 communivisse‚
900 3094 1022 3164 crebras
1044 3093 1152 3166 secisse
1164 3117 1273 3168 excut-

259 3252 272 3268 .
329 3209 633 3294 fiones,;tymnnum
645 3205 710 3274 esse
719 3221 877 3288 creatum,
891 3208 995 3272 eadem
1009 3207 1073 3274 esse
1086 3227 1166 3290 quae
1177 3210 1274 3276 nudie

331 3319 517 3387 Herodotus
547 3317 606 3384 VI.
637 3318 703 3400 36,
725 3314 957 3398 comparatione
980 3314 1142 3400 instituta,
1169 3317 1285 3386 statim·-

332 3432 458 3514 quidem
492 3443 631 3513 apparet.
674 3427 724 3498 Ea
749 3441 852 3493 eutem
874 3425 913 3492 de
935 3425 1080 3494 Cimonis
1100 3427 1167 3496 filio
1187 3430 1275 3498 haud
1416 3479 1417 3490 ,

329 3543 431 3628 'accipi
443 3540 561 3626 posse,
582 3540 675 3607 etium
695 3557 745 3604 me
767 3555 834 3604 non
858 3551 1005 3606 monente
1030 3541 1167 3624 quisque
1187 3543 1277 3610 vido-

331 3654 393 3722 hit.
423 3651 512 3741 Quid
527 3653 608 3718 euim
623 3651 675 3718 hie
685 3650 918 3718 multitudinem
930 3650 964 3717 in
975 3652 1056 3735 agris
1069 3653 1276 3736 collocasset,

331 3767 388 3849 qui
409 3783 475 3831 non
497 3782 608 3848 magna
632 3783 705 3831 eum
728 3763 927 3832 multitudine
944 3762 1107 3848 profectus
1119 3777 1275 3846 erat‚eut

331 3880 370 3946 in·
398 3875 674 3964 regione‚.cuius
704 3875 765 3942 ism
797 3875 861 3943 suis
897 3895 1040 3959 quaeque
1070 3894 1142 3959 pars
1171 3873 1276 3943 fuerat

332 3989 510 4075 eslignatt‘l
553 3987 688 4070 Reliqua
722 3987 850 4073 Cypseli
877 3987 935 4055 lilii
958 3988 1042 4083 uitae
1062 4005 1134 4070 pars
1155 3987 1278 4072 periit,

332 4101 418 4186 quse
451 4100 655 4188 probabiliter
687 4113 821 4192 meteres
855 4101 924 4171 eius
945 4118 995 4172 res
1017 4101 1177 4186 conplexa
1199 4115 1276 4205 est,-

1234 4226 1277 4279 ut
