2778 5048
488 557 726 630 ..„,..

18 707 19 712 ¹
130 736 203 795 tum
228 721 434 810 conscripse,
457 743 588 808 quarum
609 725 724 794 librum
745 725 880 802 tertium¹
896 727 972 794 citat
993 719 1073 794 idem

133 831 210 904 ΧΠ.
232 855 267 918 p.
278 853 353 919 533.
381 835 489 902 Potuit
509 833 623 920 Nepos
642 834 753 904 horum
769 851 863 920 opera
874 835 913 902 ad
923 836 1072 905 Themis·

129 945 227 1012 toclis
242 943 338 1012 vitam
353 943 499 1014 adhibete
510 991 523 1028 ,
535 963 608 1014 cum
624 963 679 1018 eos
695 941 734 1011 de
751 939 813 1032 hoc
834 945 973 1024 tetulisse
992 965 1070 1014 con·

128 1053 192 1122 stet
208 1073 246 1122 ex
260 1051 423 1122 A'thenaeo
440 1056 464 1122 l.
477 1053 501 1122 l.
529 1055 618 1141 Quid
631 1073 707 1124 vero
724 1076 762 1122 ex
780 1057 818 1124 iis
834 1053 970 1124 sumserit
985 1057 1070 1125 haud

127 1167 176 1234 ita
191 1164 282 1234 facile
297 1167 431 1250 dixeris,
442 1179 514 1236 cum
532 1167 656 1234 illorum
674 1165 785 1250 scripta
803 1157 966 1248 perierint,
978 1173 1071 1249 qure-

129 1290 196 1360 que
227 1277 312 1361 apud
331 1277 490 1362 Nepotem
512 1275 686 1362 leguntur,
710 1277 744 1344 in
765 1271 898 1359 eorum',
920 1295 1000 1360 quae
1019 1277 1070 1346 su·

125 1385 505 1474 persunt,·sragmentis,
523 1405 589 1456 non
612 1387 816 1472 reperiantur.
850 1389 1005 1457 Idemest
1030 1391 1070 1456 de
1158 1435 1162 1442 -

130 1493 381 1582 Theophrasto,
413 1498 469 1582 qui
498 1509 618 1582 praeter
637 1497 719 1580 alia,
741 1515 872 1564 numero
893 1501 1068 1582 permulta,

124 1607 248 1692 seripfit
278 1607 449 1696 esseillius
484 1609 585 1676 libros
619 1624 695 1676 tres.
739 1609 875 1694 Diogen.
901 1607 1009 1676 Laert.
1036 1609 1071 1676 in

125 1718 214 1801 vita,
228 1719 334 1804 Segm.
349 1737 403 1802 77.
437 1720 475 1786 In
496 1719 547 1786 his
569 1719 608 1786 de
629 1717 844 1786 Themistocle
863 1731 895 1786 et
907 1717 1071 1786 Alcibiade

119 1831 216 1914 egit,
247 1845 286 1898 ut
316 1833 433 1917 colligo
466 1849 505 1900 ex
535 1831 727 1916 Plutarcho,
756 1833 812 1914 qui
833 1831 866 1898 in
887 1829 975 1898 hisee
994 1829 1070 1900 vitis

110 1953 200 2009 ¹eutu
223 1941 311 2008 eitat.
355 1942 433 2009 Item
456 1942 562 2026 quaeri
583 1957 690 2026 potest
711 1941 750 2008 de
772 1939 986 2026 Theophrasti
1007 1940 1073 2006 dis·

124 2051 237 2135 cipulo
256 2053 418 2120 Demetrio
439 2051 613 2134 Phalereo,
636 2069 755 2134 quem,
777 2049 866 2132 quod
887 2049 1072 2116 addicendi

123 2181 226 2248 genus
255 2163 390 2246 attinet,
421 2165 562 2232 omnium
594 2160 815 2248 politissimum
841 2161 992 2230 iudicavit
1013 2159 1071 2228 Ci-

113 2287 215 2346 eene·
233 2275 272 2342 de
286 2287 290 2296 ’
303 2273 394 2342 Orat.
417 2275 460 2344 ΙΙ.
493 2295 547 2360 23.
593 2275 656 2342 Hic
678 2289 761 2342 certe
782 2273 816 2340 in
835 2273 985 2341 Aristidis
999 2273 1073 2341 'vita

110 2385 246 2456 mnssrli
265 2380 397 2470 potuit,
431 2385 525 2452 cuius
546 2387 642 2453 vitam
663 2383 969 2468 conseriplit‚¹teste
991 2386 1072 2452 Dio·

114 2515 204 2582 gene
224 2496 352 2566 Laertio
374 2496 406 2564 in
427 2497 495 2580 eius
518 2496 607 2587 uita,
628 2495 734 2579 Segne.
761 2515 834 2561 110.
879 2491 1069 2573 Plutarchus
1114 2559 1119 2564 ,ι

115 2607 231 2684 jsaltem
266 2608 328 2676 hoe
353 2607 436 2678 lihro
461 2605 539 2678 usus
559 2621 608 2674 est
629 2607 663 2676 in
686 2607 819 2674 Aristid.
844 2625 878 2690 p.
906 2625 980 2688 321.
1023 2605 1070 2674 Et

119 2719 229 2792 haunt
256 2717 385 2790 sonasse
406 2735 444 2786 et
465 2737 503 2786 eo
523 2717 637 2802 Nepos
659 2717 748 2802 quod
765 2718 800 2784 in
818 2715 962 2784 Miltiade
982 2737 1013 2783 c.
1030 2719 1067 2785 6.

116 2829 249 2907 scribit-z
272 2831 478 2904 Athenienses
499 2843 653 2904 trecentas
674 2830 788 2902 statuas
810 2831 971 2898 Demetrio
991 2829 1072 2898 Pm-

118 2947 207 3018 seeo
238 2943 431 3027 decreuisse,
464 2943 521 3018 uhi
534 2971 539 3012 ι
552 2951 655 3010 tamen
690 2945 879 3011 notandumr‘
901 2960 975 3024 est,
998 2962 1071 3010 serm

115 3057 263 3128 tenendo
299 3073 430 3124 numero
463 3053 553 3124 usum
585 3051 677 3134 esse,
713 3069 799 3120 cum·
820 3054 878 3119 alii
905 3052 1073 3135 scriptores

118 3183 277 3240 mantas
299 3165 454 3251 sexaginta
475 3169 694 3246 ιιιιιιιειιιιιιις
720 3177 756 3230 ut
777 3162 876 3249 Diog.
901 3162 1011 3230 Laert.
1032 3163 1074 3229 in

114 3280 193 3350 vita
223 3279 298 3348 init.
334 3275 583 3346 etPiiuiusH.
607 3275 653 3342 N.
677 3273 827 3344 XXXIV
851 3277 885 3347 6
929 3274 1072 3362 Quibus·
1124 3337 1129 3345 ,

116 3401 199 3478 icum
221 3389 423 3460 consentiunt
443 3385 510 3456 sere
527 3387 581 3454 ille
601 3387 774 3454 Vas-roms:
1116 3366 1119 3381 ’

274 3495 920 3583 HleDemenmsmaeaeaatoeapm’mt
1146 3507 1180 3530 '·

263 3609 359 3693 Quot
388 3613 469 3672 luces
499 3611 586 3670 habet
614 3623 704 3671 ennea
732 3611 893 3674 absolutus.

167 3727 291 3812 Horum
327 3726 513 3822 scriptorum
544 3720 715 3806 operibus
712 3721 841 3814 ususne
879 3721 917 3818 stt
953 3721 1068 3826 Nepos

121 3845 191 3942 nee
214 3843 280 3924 n'e,
309 3839 376 3904 nori
390 3833 544 3926 omnino
572 3849 757 3946 apparet3
762 3848 799 3902 ut
822 3833 984 3918 noluerim
1007 3853 1068 3922 eos

117 3919 279 4055 referre
270 3970 303 4018 ιιι
336 3948 476 4021 ondinem
511 3961 645 4023 eorum,
668 3961 751 4034 quos
773 3943 890 4013 certius
908 3941 973 4010 scio
993 3963 1079 4032 eum,

108 4075 196 4143 aut
198 4058 336 4154 [eentum
355 4056 420 4129 esse
437 4071 491 4124 ant
507 4051 771 4130 eomuluisse

537 4162 682 4230 Ha
887 4179 1066 4238 unaue
1125 4171 1127 4178 “
